@Proceedings{livre,
  author = 	 {Peter J. Landin},
  title = 	 {The next 700 programming languages},
  booktitle = 	 {Commun},
  pages = {9(3):157--166}
  publisher = "ACM"
  year = 	 1966}


